@article{Nakayama2012,
author = {Nakayama, Hiromasa and Takemi, Tetsuya and Nagai, Haruyasu},
doi = {10.1002/asl.377},
file = {:Users/gordonreid/Library/Application Support/Mendeley Desktop/Downloaded/Nakayama, Takemi, Nagai - 2012 - Large-eddy simulation of urban boundary-layer flows by generating turbulent inflows from mesoscale mete.pdf:pdf},
issn = {1530261X},
journal = {Atmospheric Science Letters},
keywords = {5 march 2012,7 july 2011,large-eddy simulation,received,revised,turbulent generation,urban boundary layer},
month = jul,
number = {3},
pages = {180--186},
title = {{Large-eddy simulation of urban boundary-layer flows by generating turbulent inflows from mesoscale meteorological simulations}},
url = {http://doi.wiley.com/10.1002/asl.377},
volume = {13},
year = {2012}
}
@article{Nakayama2011,
author = {Nakayama, Hiromasa and Takemi, Tetsuya and Nagai, Haruyasu},
doi = {10.1175/2011JAMC2567.1},
file = {:Users/gordonreid/Library/Application Support/Mendeley Desktop/Downloaded/Nakayama, Takemi, Nagai - 2011 - LES Analysis of the Aerodynamic Surface Properties for Turbulent Flows over Building Arrays with Variou.pdf:pdf},
issn = {1558-8424},
journal = {Journal of Applied Meteorology and Climatology},
month = aug,
number = {8},
pages = {1692--1712},
title = {{LES Analysis of the Aerodynamic Surface Properties for Turbulent Flows over Building Arrays with Various Geometries}},
url = {http://journals.ametsoc.org/doi/abs/10.1175/2011JAMC2567.1},
volume = {50},
year = {2011}
}
